@unpublished{bc379,
       booktitle = {V Glosa do leksykografii},
           title = {Elektroniczny indeks do s{\l}ownika Lindego},
          author = {Janusz S. Bie{\'n}},
            year = {2014},
             url = {http://bc.klf.uw.edu.pl/379/}
}
                  

@TechReport{ksz:sam,
  author =       "Krzysztof Szafran",
  title =        "Analizator morfologiczny {SAM-95}: opis u{\.z}ytkowy",
  institution =  {Instytut Informatyki Uniwersytetu Warszawskiego},
  year =         1996,
  address =      {Warszawa},
  type = "TR",
  url = {http://www.mimuw.edu.pl/~kszafran/publikacje/tr226.pdf},
  number =       "96-05 (226)"
}

@MastersThesis{bc223,
           title = {Obs{\l}uga formatu PDF/A na potrzeby dygitalizacji tekst{\'o}w},
          school = {Uniwersytet Warszawski},
          author = {Tomasz Olejniczak},
            year = {2011},
             url = {http://bc.klf.uw.edu.pl/223/}
}                 

@PhdThesis{bc347,
           title = {Analiza i leksykograficzny opis struktury s{\l}ownika Lindego na potrzeby dygitalizacji},
          school = {Uniwersytet Warszawski},
          author = {Joanna A. Bili{\'n}ska},
            year = {2013},
             url = {http://bc.klf.uw.edu.pl/347/}}                  

@InCollection{opaliński07:_probl_xvi,
  author = 	 {Krzysztof Opaliński},
  title = 	 {Problemy kodowania korpusów historycznych (na przykładzie tekstów XVI-wiecznych)},
  booktitle = 	 {Z zagadnień leksykologii i leksykografii języków słowiańskich},
  pages = 	 {107--114},
  publisher = {Wydawnictwo Naukowe Uniwersytetu Mikołaja Kopernika},
  year = 	 2007,
  editor = 	 {Joanna Kamper-Warejko and Iwona Kaproń-Charzyńska}}

@Book{matuszczyk06:_słown_s,
  author = 	 {Bożena Matuszczyk},
  title = 	 {Słownik języka polskiego S. B. Lindego. Warsztat leksykografa},
  publisher = 	 {Wydawnictwo KUL},
  year = 	 2006}

@Article{wolski09:_słown_język_polsk_p,
  author = 	 {Konstanty Wolski},
  title = 	 {SŁOWNIK JĘZYKA POLSKIEGO przez P. {L}INDE. {D}o {R}edaktora {P}amiętnika},
  journal = 	 {Pamiętnik Warszawski},
  year = 	 1809,
  volume = 	 1,
  pages = 	 {35--83},
  url={http://ebuw.uw.edu.pl/Content/97589/directory.djvu?djvuopts=&page=19},                  
  month = 	 {styczeń}}

@Book{ptaszyk07:_słown_samuel_bogum_lindeg,
  author = 	 {Marian Ptaszyk},
  title = 	 {Słownik języka polskiego Samuela Bogumiła Lindego},
  publisher = 	 {Wydawnictwo Uniwersytetu Mikołaja Kopernika},
  year = 	 2007,
  address = 	 {Toruń}}

@Book{al.55:_zasad,
  editor = 	 {Górski, Konrad and others},
  title = 	 {Zasady wydawania tekstów staropolskich : projekt},
  publisher = 	 {Zakład im. Ossolińskich},
  year = 	 {1955}
}

@Book{bernacki18:_pierw,
  author = 	 {Ludwik Bernacki},
  title = 	 {Pierwsza książka polska. Studyum bibliograficzne},
  publisher = 	 {Zakład narodowego im. Ossolińskich},
  year = 	 1918,
 url = {http://www.sbc.org.pl/publication/15766},
  address = 	 {Lwów}}

@Article{gaiji2013,
  author = 	 {Joel Fredell and Charles Borchers IV and Terri Ilgen },
  title = 	 {TEI P5 and Special Characters Outside Unicode},
  journal = 	 {Journal of the Text Encoding Initiative},
  year = 	 2013,
 url = {http://jtei.revues.org/727},
  number = 	 4}

@Book{NKP,
  author = 	 {Jan Januszowski},
  title = 	 {Nowy karakter Polski : z drukarnie Lazarzowey y ortographia polska Iana Kochanowskiego, Ie M. P. Lukasza Gornickiego etc. etc.},
  publisher = 	 {Jan Januszowski},
 url = {http://eprints.wbl.klf.uw.edu.pl/62/},
year = 	 1594}

@Book{haralambous07:_fonts_encod,
  author = 	 {Yannis Haralambous},
  title = 	 { Fonts \& Encodings.
From Advanced Typography to Unicode and Everything in Between },
  publisher = 	 {O'Reilly Media},
  year = 	 2007}

@TechReport{Heliński_Marcin_Report,
 author={Heliński, Marcin and Kmieciak, Miłosz and Parkoła, Tomasz},
 abstract={The aim of this report is to compare OCR accuracy of two well known OCR engines: Tesseract 3.0.1 and FineReader10 Corporate Edition. The comparison is based on Polish historical printed documents and ground-truth produced within the scope of the IMPACT project.},
 copyright={PCSS},
 publisher={PCSS},
 title={Report on the comparison of Tesseract and ABBYY FineReader OCR engines},
 address={Poznań},
 url = {http://lib.psnc.pl/publication/428},                 
 keywords={OCR, FineReader, Tesseract},
}

@InCollection{driscoll06:_level,
  author = 	 {Matthew James Driscoll},
  title = 	 {Levels of transcription},
  booktitle = 	 {Electronic Textual Editing},
  publisher = {Modern Language Association of America},
  year = 	 2006,
 url = {http://www.tei-c.org/About/Archive_new/ETE/Preview/driscoll.xml},
  editor = 	 {Lou Burnard and Katherine O'Brien O'Keeffe and John Unsworth}}

@Book{piekarski36:_polon_typog_saecul_sedec,
  author = 	 {Kazimierz Piekarski},
  title = 	 {{P}olonia {T}ypographica {S}aeculi
                  {S}edecimi. {Z}eszyt {I}.  {K}asper {H}ochfeder,
                  {K}raków 1503-1506},
  publisher = 	 {Kazimierz Piekarski, Komitet Organizacyjny Zjazdu Bibljotekarzy Polskich w Warszawie},
  year = 	 1936}

@unpublished{bc345,
           month = {September},
            type = {Technical Report},
           title = {Comments to "Poliqarp2 --- preliminary description of query language" by Dominika Pawlik, Aleksander Zab{\l}ocki, Bartosz Zaborowski of July 27, 2013},
          author = {Janusz S. Bie{\'n}},
       publisher = {Katedra Lingwistyki Formalnej UW},
            year = {2013},
             url = {http://bc.klf.uw.edu.pl/345/},
        abstract = {Some comments to an internal document of the Poliqarp 2 project, cf. http://sourceforge.net/projects/poliqarp2/.}
}

@unpublished{bc330,
       booktitle = {i3: Internet ? Infrastruktury ? Innowacje},
           month = {April},
           title = {Przeglądanie zdygitalizowanych fiszek (na przyk{\l}adzie Repozytorium Cyfrowego Instytut{\'o}w Naukowych)},
          author = {Janusz S. Bie{\'n}},
            year = {2013},
            note = {Skr{\'o}cona i uzupe{\l}niona wersja http://bc.klf.uw.edu.pl/328/},
             url = {http://bc.klf.uw.edu.pl/330/}
}

@unpublished{bc328,
           month = {February},
           title = {Przeglądanie fiszek Repozytorium Cyfrowego Instytut{\'o}w Naukowych},
          author = {Janusz S. Bie{\'n}},
       publisher = {Katedra Lingwistyki Formalnej UW},
            year = {2013},
             url = {http://bc.klf.uw.edu.pl/328/},
        abstract = {Pokaz}
}

@misc{bc323,
           month = {December},
           title = {DjVu i dygitalizacja s{\l}ownik{\'o}w. Prezentacja problematyki i temat{\'o}w prac magisterskich},
          author = {Janusz S. Bie{\'n}},
            year = {2012},
             url = {http://bc.klf.uw.edu.pl/323/}
}

@unpublished{bc320,
       booktitle = {Dni Technologii Językowej},
           month = {November},
           title = {Od skan{\'o}w do Unicode},
          author = {Janusz S. Bie{\'n}},
            year = {2012},
             url = {http://bc.klf.uw.edu.pl/320/}
}

@unpublished{bc298,
       booktitle = {the Library 2.012 worldwide virtual conference},
           month = {October},
           title = {Scanned publications in digital libraries: new Open Source DjVu tools},
          author = {Janusz S. Bie{\'n}},
            year = {2012},
            note = {Prezentacja odby{\l}a się w czwartek 4 pa{\.z}dziernika od godz. 12 do 13.

Dostępne jest nagranie referatu.},
             url = {http://bc.klf.uw.edu.pl/298/},
        abstract = {The DjVu technology is described by its authors as "an image
compression technique, a document format, and a software platform for
delivering documents images over the Internet"; according to the
recent statistics, about 80\% of documents stored in Polish digital
libraries is in this format. Besides the commercial software
supporting this technology there is also the DjVuLibre suit of Open
Source tools and utilities, developed by the technology creators.

In the presentations another Open Source suit of programs will be
discussed. It consist of two sets.

The first set contains some programs for creation and improvement of
DjVu documents including the results of Optical Character
Recogniton. A typical OCR program outputs the results as a PDF
"sandwich" document containg text under image (although since version
11 ABBY FineReader can save directly the output as a DjVu files, the
output in the PDF form contains more information). The pdf2djvu
program conceived by Jakub Wilk (http://jwilk.net/software/pdf2djvu)
convert the PDF files into DjVu preserving all the features
(e.g. outlines) which are representable in the latter format.

The purpose of another program, also conceived by Jakub Wilk
(http://jwilk.net/software/didjvu), is the conversion of graphic files
into the DjVu documents consisting of foreground (the printed text),
mask and background layers (e.g. illustrations). Such separation not
only allows to achieve a high compression ratio, but also improves the
quality of OCR results which should operate only on foreground or
mask.

The third program named, for the historical reasons, ocrodjvu
(http://jwilk.net/software/ocrodjvu) is a wrapper for several Open
Source OCR programs including Tesseract, which achieves quality
comparable with commercial systems
(cf. e.g. a test results).

The second set of programs concerns the delivery of DjVu documents to
the users. It consist of a search engine server and two kind of
clients: marasca installable as a WWW site and djview4poliqarp, a
standalone client installable on a user computer. As the server is
based on the Poliqarp corpus tool, the whole set is called just
Poliqarp for DjVu. The author of djview4poliqarp is Micha{\l} Rudolf, the
rest of the system was created by Jakub Wilk.

The tools has been developed in the framework of the project directed
by the present author, the results are available on the principle of
GNU General Public License.}
}

@unpublished{bc297,
           month = {June},
            type = {Project Report},
           title = {Narzędzia dygitalizacji tekst{\'o}w na potrzeby bada{\'n} filologicznych},
          author = {Janusz S. Bie{\'n}},
       publisher = {Katedra Lingwistyki Formalnej UW},
            year = {2012},
             url = {http://bc.klf.uw.edu.pl/297/},
        abstract = {Sprawozdanie merytoryczne z grantu MNSzWiT nr N N519 384036, 13.05.2009-12.05.2012.}
}

@unpublished{bc287,
       booktitle = {Seminarium "Przetwarzanie języka naturalnego"},
           month = {May},
           title = {Eksperymentalne korpusy dawnych tekst{\'o}w polskich},
          author = {Janusz S. Bie{\'n}},
            year = {2012},
             url = {http://bc.klf.uw.edu.pl/287/}
}

@unpublished{bc288,
           month = {April},
            type = {Technical Report},
           title = {Changes to the IMPACT project Polish Ground-Truth texts},
          author = {Janusz S. Bie{\'n}},
       publisher = {Katedra Lingwistyki Formalnej UW},
            year = {2012},
             url = {http://bc.klf.uw.edu.pl/288/}
}

@unpublished{bc289,
           month = {April},
            type = {Technical Report},
           title = {Delivering the IMPACT project Polish Ground-Truth texts with Poliqarp for DjVu},
          author = {Janusz S. Bie{\'n}},
       publisher = {Katedra Lingwistyki Formalnej UW},
            year = {2012},
             url = {http://bc.klf.uw.edu.pl/289/}
}

@unpublished{bc230,
       booktitle = {Seminarium "Przetwarzanie języka naturalnego"},
           month = {January},
           title = {Przeglądarki materia{\l}{\'o}w leksykograficznych},
          author = {Janusz S. Bie{\'n}},
            year = {2012},
             url = {http://bc.klf.uw.edu.pl/230/}
}

@unpublished{bc316,
           month = {January},
            type = {Project Report},
           title = {Proof of Concept Historical Lexicon for Polish},
          author = {Janusz S. Bie{\'n}},
       publisher = {IMPACT},
            year = {2012},
            note = {A technical deliverable documentation of the IMPACT (Improving access to text) FP7-ICT project (reference number 215064), cf. also http://www.impact-project.eu/uploads/media/IMPACT\_DEE3.13\_Polish\_Lexicon\_Documentation.pdf},
             url = {http://bc.klf.uw.edu.pl/316/}
}

@unpublished{bc280,
           month = {January},
            type = {Project Report},
           title = {Cross-language Perspective on Lexicon Building and Deployment in IMPACT},
          author = {Jesse de Does and Katrien Depuyd and Klaus Schulz and Annette Gotscharek and Christoph Ringlstetter and Janusz S. Bie{\'n} and Toma{\vz} Erjavec and Karel Ku{\vc}era and Isabel Martinez and Stoyan Mihov and Gilles Souvay},
       publisher = {IMPACT},
            year = {2012},
            note = {Technical deliverable documentation. D-EE2.8 Use of Computational Lexica for OCR and IR on historical documents ? a cross-language perspective (includes D-EE3.12).},
             url = {http://bc.klf.uw.edu.pl/280/}
}

@article{bc296,
           title = {The IMPACT project Polish Ground-Truth texts as a DjVu corpus},
          author = {Janusz S. Bie{\'n}},
            year = {2012},
             url = {http://bc.klf.uw.edu.pl/296/}
}

@unpublished{bc292,
           title = {Oferta dydaktyczna 2012/2013 dla Instytutu Informatyki UW},
          author = {Janusz S. Bie{\'n}},
            year = {2012},
            note = {Wyk{\l}ady o Wyk{\l}adach (23.05.2012)},
             url = {http://bc.klf.uw.edu.pl/292/}
}

@unpublished{bc319,
           title = {Poliqarp (for DjVu). Wprowadzenie do sk{\l}adni kwerend (wersja bardzo wstępna)},
          author = {Janusz S. Bie{\'n}},
            year = {2012},
             url = {http://bc.klf.uw.edu.pl/319/}
}

@article{bc322,
          volume = {LXIII},
           title = {Skanowane teksty jako korpusy},
          author = {Janusz S. Bie{\'n}},
            year = {2012},
           pages = {25--36},
            note = {Skr{\'o}cona wersja tekstu http://bc.klf.uw.edu.pl/201/. Dostępna jest pewna liczba ręcznie poprawionych odbitek - zainteresowani proszeni są o u{\.z}ycie funkcji "Request a copy".},
         journal = {Prace Filologiczne},
             url = {http://bc.klf.uw.edu.pl/322/},
        abstract = {Scanned texts as corpora

A modification of the Poliqarp corpus search tool is described, which is oriented towards searching scanned texts with dirty OCR (i.e. the fully automatic Optical Character Recognition without any proof-reading). This search tool operates since December 2009 and is available at http://wbl.klf.uw.edu.pl/. The two-level regular expressions, which can be used in the queries, allow, at least in principle, to circumvent the OCR errors. 
The crucial property of the search engine is its ability to highlight the hits on the original scans stored in the DjVu format. Although the feature is not original, as it has been used for the first time for the Century Dictionary and later for Jamieson?s Etymological Dictionary of the Scottish Language, it is substantially augmented by allowing so called graphical concordances and providing a convenient way to bookmark the hits. 

Our system handles now four dictionaries, with the total size of over 40 000 pages. It is expected that in the near future other texts will be added to the system. 
}
}

@unpublished{bc324,
       booktitle = {Bibliotheca Lindiana. Samuel Bogumi{\l} Linde (1771 ? 1847), pierwszy dyrektor Biblioteki Uniwersyteckiej w Warszawie. W 165 rocznicę {\'s}mierci.},
           title = {S{\l}ownik Lindego jako korpus},
          author = {Janusz S. Bie{\'n} and Joanna A. Bili{\'n}ska},
            year = {2012},
             url = {http://bc.klf.uw.edu.pl/324/},
        abstract = {S{\l}ownik Lindego by{\l} niezale{\.z}nie dygitalizowany i udostępniany przez
r{\'o}{\.z}ne instytucje na r{\'o}{\.z}ne sposoby, m.in przez Kujawsko-Pomorską
Bibliotekę Cyfrową, Polską Bibliotekę Internetową i Google. Z regu{\l}y
do tekstu s{\l}ownika stosowano automatyczne rozpoznawanie znak{\'o}w, ale
nie przeprowadzano korekty wynik{\'o}w - jest to tzw. brudny OCR (Optical
Character Recognition). Dygitalizacja drugiego wydania s{\l}ownika
wykonana w Katedrze Lingwistyki Formalnej UW i udostępniona pod
adresem http://poliqarp.klf.uw.edu.pl/slownik-lindego wprawdzie się
pod tym względem nie r{\'o}{\.z}ni, jednak{\.z}e dostępna tam wyszukiwarka
leksykograficzna ma pewne po{\.z}yteczne funkcje niedostępne gdzie
indziej, kt{\'o}re zostaną przedstawione w referacie.
}
}

@unpublished{bc271,
           month = {February},
            type = {Discussion Paper},
           title = {Historical Polish texts and Unicode. Introduction},
          author = {Janusz S. Bie{\'n}},
       publisher = {Formal Linguistics Department, University of Warsaw},
            year = {2011},
             url = {http://bc.klf.uw.edu.pl/271/},
        abstract = {An introduction in preparation to http://bc.klf.uw.edu.pl/179/}
}

@article{bc326,
       booktitle = { III konferencja ,,Glosa do leksykografii polskiej?},
          volume = {LXIV},
           title = {Dygitalizacja kartotek s{\l}ownikowych

},
          author = {Janusz S. Bie{\'n}},
            year = {2011},
         journal = {Prace Filologiczne},
             url = {http://bc.klf.uw.edu.pl/326/}
}

@unpublished{bc176,
       booktitle = {Seminarium "Przetwarzanie języka naturalnego"},
           title = {Dygitalizacja s{\l}ownik{\'o}w historycznych w Katedrze Lingwistyki Formalnej UW},
          author = {Janusz S. Bie{\'n}},
            year = {2011},
             url = {http://bc.klf.uw.edu.pl/176/},
        abstract = {W referacie zostaną przedstawione kr{\'o}tko najwa{\.z}niejsze metody i narzędzia stosowane do dygitalizacji s{\l}ownik{\'o}w i wybranych materia{\l}{\'o}w {\'z}r{\'o}d{\l}owych, ze szczeg{\'o}lnym uwzględnieniem wyszukiwarki leksykograficznej dostępnej pod adresem http://wbl.klf.uw.edu.pl/.
}
}

@incollection{bc177,
          number = {6699},
          author = {Janusz S. Bie{\'n}},
          series = {Lecture Notes in Computer Science (Theoretical Computer Science and General Issues)},
       booktitle = {Advanced Language  Technologies for Digital Libraries},
          editor = {Raffaella Bernardi and Sally Chambers and Bjoern Gottfried and Frederique Segond and Ilya Zaihrayeu},
           title = {Efficient search in hidden text of large DjVu documents},
       publisher = {Springer},
            year = {2011},
           pages = {1--14},
             url = {http://bc.klf.uw.edu.pl/177/},
        abstract = {  The paper describes an open-source tool which allows to present 
  end-users with results of advanced language technologies. It
  relies on the DjVu format, which for some applications is still
  superior to other modern formats including PDF/A. The DjVu GPLed
  tools are not limited just to the DjVuLibre library, but are being
  supplemented by various new programs, such as 
  pdf2djvu developed by Jakub Wilk. It allows in
  particular to convert to DjVu the PDF output of popular OCR programs
  like FineReader preserving the hidden text layer and some other
  features.

  The tool in question has been conceived by the present author and
  consist of a modification of the Poliqarp corpus query tool,
  used for National Corpus of Polish; his ideas have been very
  succesfully implemented by Jakub Wilk. The new system, called here
  simply Poliqarp for DjVu, inherits from its origin not only the
  powerfull search facilities based on two-level regular expressions, but
  also the ability to represent low-level ambiguities and other
  linguistic phenomena.  Although at present the tool is used mainly
  to facilitate access to the results of dirty OCR, it is ready to
  handle also more sophisticated output of linguistic technologies.
}
}

@incollection{bc83,
          author = {Janusz S. Bie{\'n}},
       booktitle = {R{\'o}{\.z}ne formy, r{\'o}{\.z}ne tre{\'s}ci},
          editor = {Miros{\l}aw Ba{\'n}ko and Dorota Kopci{\'n}ska },
         address = {Warszawa},
           title = {Podstawowe elementy tekst{\'o}w elektronicznych },
       publisher = {Wydzia{\l} Polonistyki Uniwersytetu Warszawskiego},
           pages = {17--24},
            year = {2011},
             url = {http://bc.klf.uw.edu.pl/83/}
}

@unpublished{bc215,
       booktitle = {IMPACT Final Conference 2011. Digitisation \& OCR: Better, faster, cheaper},
           title = {Polish language resources in IMPACT project},
          author = {Janusz S. Bie{\'n}},
            year = {2011},
             url = {http://bc.klf.uw.edu.pl/215/}
}

@unpublished{bc213,
       booktitle = {Konferencja "Polskie biblioteki cyfrowe"},
           title = {Polskie zasoby językowe w projekcie IMPACT
},
          author = {Janusz S. Bie{\'n}},
            year = {2011},
             url = {http://bc.klf.uw.edu.pl/213/}
}

@unpublished{bc156,
       booktitle = {IMPACT Munich meeting},
           month = {February},
           title = {Polish language resources relevant for the IMPACT project},
          author = {Janusz S. Bie{\'n}},
            year = {2010},
             url = {http://bc.klf.uw.edu.pl/156/}
}

@unpublished{bc179,
            type = {Discussion Paper},
           title = {Historical Polish texts and Unicode},
          author = {Janusz S. Bie{\'n}},
       publisher = {Formal Linguistics Department, University of Warsaw},
            year = {2010},
             url = {http://bc.klf.uw.edu.pl/179/},
        abstract = {A preliminary incomplete proposal (version 3, in preparation).}
}

@unpublished{bc162,
           title = {Biblioteki cyfrowe i dygitalizacja tekst{\'o}w 2010/2011},
          author = {Janusz S. Bie{\'n}},
            year = {2010},
             url = {http://bc.klf.uw.edu.pl/162/}
}

@unpublished{bc163,
           title = {Budowa s{\l}ownik{\'o}w elektronicznych 2010/2011},
          author = {Janusz S. Bie{\'n}},
            year = {2010},
             url = {http://bc.klf.uw.edu.pl/163/}
}

@incollection{bc165,
          author = {Janusz S. Bie{\'n}},
       booktitle = {Język polski - wczoraj, dzi{\'s}, jutro},
          editor = {Barbara Czopek-Kopciuch and Piotr {\.Z}migrodzki},
         address = {Krak{\'o}w},
           title = {Dygitalizacja i komputeryzacja s{\l}ownik{\'o}w na przyk{\l}adzie S{\l}ownika polszczyzny XVI wieku},
       publisher = {Instytut Języka Polskiego PAN i Wydawnictwo LEXIS},
           pages = {131--138},
            year = {2010},
             url = {http://bc.klf.uw.edu.pl/165/},
        abstract = {Digitalization and computerization of dictionaries (exemplified by the dictionary of the 16th century Polish)

For simple digitalization the recommended format is DjVu, which is produced in particular by the free pdf2djvu program. It is demonstrated that the OCR programs used by Kujawsko-Pomorska Digital Library are not adequate for the text of the dictionary, which contains many 16th century quotations. It is also stressed that scanning printed editions of digitally-born publications makes no sense from a user point of view, because the quality of OCRed scans will be always lower that that of an electronic document.
More sophisticated digitalization, called computerization, is only  briefly mentioned, as the topic is discussed in details in Krzysztof Szafran's book. The possibility of treating the dictionary as a corpus is illustrated by searching the 32th volume of the dictionary with Poliqarp corpus tool.
}
}

@article{bc170,
       booktitle = {Glosa do leksykografii polskiej},
          volume = {LVIII},
           title = {Przesz{\l}o{\'s}{\'c} i przysz{\l}o{\'s}{\'c} S{\l}ownika języka polskiego PAN. Aspekty prawne i informatyczne.},
          author = {Janusz S. Bie{\'n}},
            year = {2010},
           pages = {39--50},
         journal = {Prace Filologiczne},
             url = {http://bc.klf.uw.edu.pl/170/},
        abstract = {  The main purpose of the paper is to draw attention to the unclear
  legal status of the 11-volume dictionary of Polish language,
  published under the auspices of Polish Academy of Sciences in years
  1958--1969 by the state-owned publishing houses. The copyright to
  the dictionary is now claimed by a private company, which doesn't
  allow to offer the dictionary in electronic form and on the
  Internet, despite the opinion of many prominent linguists expressed
  in an open letter quoted in extenso in the present paper.
}
}

@unpublished{bc173,
       booktitle = {SLAVICORP. CORPORA OF SLAVIC LANGUAGES},
           title = {Scanned texts as corpora - a case study},
          author = {Janusz S. Bie{\'n}},
            year = {2010},
             url = {http://bc.klf.uw.edu.pl/173/},
        abstract = {A modification of the Poliqarp corpora search tool is described, which
is oriented towards searching scanned texts with dirty OCR (i.e. the
fully automatic Optical Character Recognition without any
proof-reading). This search tool, called Poliqarp for DjVu, operates since
December 2009 and is available at http://poliqarp.wbl.klf.uw.edu.pl/.
The two-level regular expressions, which can be used in the queries,
allow at least in principle to circumvent the OCR errors.

The crucial property of the search engine is to highlight the hits on
the original scans stored in the DjVu format. Although the feature is
not original, as it has been used for the first time for the Century
Dictionary (http://global-language.com/CENTURY/) and later for
Jamieson's Etymological Dictionary of the Scottish Language
(http://www.scotsdictionary.com/), it is substantially augmented by
allowing so called graphical concordances and providing a convenient
way to bookmark the hits.

Our system handles now several dictionaries. One of them is so
called Warsaw Dictionary, published in 8 volumes in 1900-1927,
comprising almost 8000 pages, in particular 7541 pages with entries.
It has been scanned and OCRed by the library of the University of
Warsaw (http://ebuw.uw.edu.pl/publication/254). Another one is the
monumental dictionary of 16th century Polish, which is still the work
in progress. Our system handles 33 already published volumes, three of
them are digitally born, the rest has been scanned by
Kujawsko-Pomorska Digital Library
(http://kpbc.umk.pl/publication/17781).  The volumes comprise together
almost 20000 pages, in particular 18296 pages with entries.  Our case
study will be focused on the very dictionary, because it allow us to
demonstrate the use of regular expressions in the queries to account
for the pecularities of the 16th century Polish spelling.

Although at first our system (called at first marasca) was just a modification of Poliqarp, we
contribute in return to the original project. Since March 2010
National Corpus of Polish uses our version of the WWW Poliqarp
client.
}
}

@unpublished{bc214,
           title = {S{\l}owniki elektroniczne i dygitalizacja tekst{\'o}w },
          author = {Janusz S. Bie{\'n} and Krzysztof Szafran},
            year = {2010},
             url = {http://bc.klf.uw.edu.pl/214/},
        abstract = {Seminarium magisterskie 2011/2012.}
}

@unpublished{bc174,
       booktitle = {IMPACT All Staff Meeting},
           title = {UWAR progress report},
          author = {Janusz S. Bie{\'n} and Krzysztof Szafran},
            year = {2010},
             url = {http://bc.klf.uw.edu.pl/174/}
}

@article{bc160,
          volume = {9},
           month = {September},
          author = {Janusz S. Bie{\'n}},
       booktitle = {MONDILEX project open workshop " Representing Semantics in Digital Lexicography" within an international scientific conference COGNITIVE and CONTRASTIVE STUDIES},
           title = {Facilitating access to digitalized dictionaries in DjVu format},
       publisher = {Slawistyczny O{\'s}rodek Wydawniczy},
            year = {2009},
         journal = {Studia Kognitywne - {\'E}tudes Cognitives},
           pages = {161--170},
        keywords = {digitalization, DjVu, dictionaries, Poliqarp,djvu-xfgrep},
             url = {http://bc.klf.uw.edu.pl/160/},
        abstract = {One of the best formats for scanned documents is DjVu. An essential feature of the format is the hidden text layer, usually containing the results of Optical Character Recognition. Another important feature is the ability to store (and serve over Internet) the documents as a
collection of individual pages.

From the very beginning it has been used also for dictionaries, in particular there are also several Polish dictionaries available in this format.  So the question is how to search efficiently the text layer in such large multi-volume works. For this purpose we intend to adapt Poliqarp (Polyinterpretation Indexing Query and Retrieval Procesor), a GPLed corpus query tool developed in
the Institute of Computer Science of Polish Academy of Sciences. Some preliminary experiments are described in the talk.

In our ,,quick and dirty'' approach we treat every page as a single document with the metadata consisting of the name of the document index and the name of the file with the page content. For every word, instead of grammatical tags, we provide its localization on the page in the form of the line number and its position in the line. All the data taken together allow to link the search results to the
appropriate fragments of the original scans.
}
}

@incollection{bc71,
          author = {Janusz S. Bie{\'n}},
       booktitle = {Methods of Lexical Analysis: Theoretical assumption and practical applications},
          editor = {Krzysztof Bogacki  and Joanna Cholewa and Agata Rozumko},
         address = {Bia{\l}ystok},
           title = {Digitalizing dictionaries of Polish},
       publisher = {Wydawnictwo Uniwersytetu w Bia{\l}ymstoku},
           pages = {37--45},
            year = {2009},
        keywords = {dictionaries, Polish, digitalization, DjVu, DjVuLibre},
             url = {http://bc.klf.uw.edu.pl/71/},
        abstract = {The author has been actively involved in digitalization of several dictionaries, including the 17th century Knapski's dictionary, the 18th century dictionary of Troc, the 20th century so called ,,Warsaw dictionary'' and some volumes of the work-in-progress dictionary of Polish language of the 16th century.  All of the available dictionaries are in the DjVu format and the electronic versions have been created mostly with free DjVuLibre software tools. The advantages of the format from a user point of view are discussed. }
}

@unpublished{bc117,
            type = {Discussion Paper},
           title = {Free Scans Principles. Zasady swobodnych skan{\'o}w},
          author = {Janusz S. Bie{\'n}},
       publisher = {Katedra Lingwistyki Formalnej UW},
            year = {2009},
             url = {http://bc.klf.uw.edu.pl/117/}
}

@book{bc2,
           title = {Problemy formalnego opisu sk{\l}adni polskiej},
          author = {Janusz S. Bie{\'n}},
         address = {Warszawa},
       publisher = {BEL Studio},
            year = {2009},
            note = {Por. http://amos.klf.uw.edu.pl/.},
             url = {http://bc.klf.uw.edu.pl/2/},
        abstract = {Autor jest informatykiem i lingwistą, jednym z pionier{\'o}w lingwistyki informatycznej w Polsce. Zawodowo jest ca{\l}y czas związany z Uniwersytetem Warszawskim --- do 1998 r. by{\l} zatrudniony w Instytucie Informatyki, a obecnie zajmuje stanowisko profesora nadzwyczajnego w Katedrze Lingwistyki Formalnej Wydzia{\l}u Neofilologii. Więcej
informacji o autorze mo{\.z}na znale{\'z}{\'c} na jego witrynie internetowej pod adresem http://fleksem.klf.uw.edu.pl/{\texttt{\char126}}jsbien.

Niniejsza ksią{\.z}ka ma charakter interdyscyplinarny - przedstawia badania korzystujące jednocze{\'s}nie z metod lingwistycznych i informatycznych.  Jej tematem jest formalny opis sk{\l}adni polskiej poddający się komputerowej weryfikacji.  

Ksią{\.z}ka omawia ten nurt bada{\'n}, kt{\'o}ry pod względem lingwistycznym wywodzi się z prac Zygmunta Saloniego, Stanis{\l}awa Szpakowicza i Marka {\'S}widzi{\'n}skiego, a pod
względem informatycznym charakteryzuje się wykorzystaniem gramatyk metamorficznych Alaina Colmerauera i formalizm{\'o}w pochodnych. Dokonano w niej przeglądu gramatyk formalnych nale{\.z}ących do tego nurtu i podjęto pr{\'o}bę wytyczenia dr{\'o}g ich dalszego rozwoju.  }
}

@incollection{bc59,
          number = {5603},
          author = {Janusz S. Bie{\'n}},
          series = {Lecture Notes in Artificial Intelligence},
       booktitle = { Human Language Technology. Challenges of the Information Society. Third Language and Technology Conference, LTC 2007, Poznan, Poland, October 5-7, 2007, Revised Selected Papers},
          editor = {Zygmunt Vetulani and Hans Uszkoreit},
           title = {Syntactic spreadsheets.  In search for a human-readable representation of parse tree forests},
       publisher = {Springer},
            year = {2009},
           pages = {107--117},
        keywords = {parsing, parse trees, tree forests, visualization, Birnam parser},
             url = {http://bc.klf.uw.edu.pl/59/},
        abstract = {The paper presents an example of a representation of parse tree forests advocated by the author. Although motivated by the need to analyse the forests generated by {\'S}widzi{\'n}ski's grammar, the representation can be used for any grammar handled by Woli{\'n}ski's Birnam parser, and the basic ideas can be applied to any Immediate Constituent grammar. Syntactic spreadsheets can serve several purposes. They can be simply included in printed publications or dynamically displayed by an appropriate viewer. Unfortunately the implementation of the idea is not easy and therefore it is still in progress.}
}

@unpublished{bc105,
           month = {October},
           title = {Narzędzia do analizy tekstowej warstwy dokument{\'o}w DjVu},
          author = {Janusz S. Bie{\'n}},
            year = {2008},
            note = {http://subversion.assembla.com/svn/djvu-fgrep },
             url = {http://bc.klf.uw.edu.pl/105/}
}

@unpublished{bc314,
           title = {Tekstowe digitalizacje s{\l}ownik{\'o}w tradycyjnych},
          author = {Janusz S. Bie{\'n}},
            year = {2008},
             url = {http://bc.klf.uw.edu.pl/314/}
}

@article{bc32,
          volume = {8},
          author = {Janusz S. Bie{\'n} and Joanna A. Bili{\'n}ska and Rados{\l}aw Moszczy{\'n}ski},
       booktitle = {Studia Kognitywne},
          editor = {Violetta Koseska-Toszewa},
         address = {Warszawa},
           title = {Towards linguistic analysis of computer messages in Polish and English},
       publisher = {Slawistyczny O{\'s}rodek Wydawniczy},
            year = {2008},
         journal = {Studia Kognitywne - {\'E}tudes Cognitives},
           pages = {288--302},
             url = {http://bc.klf.uw.edu.pl/32/}
}

@article{bc103,
          volume = {18},
          number = {4},
           month = {June},
          author = {Janusz S. Bie{\'n}},
           title = {GNU Emacs and Japanese writing},
         journal = {Multilingual. Language, Technology, Business.},
           pages = {63--68},
            year = {2007},
             url = {http://bc.klf.uw.edu.pl/103/}
}

@incollection{bc85,
       booktitle = {Proceedings of 3rd Language and Technology Conference},
           title = {Innovative use of parameters in DCG-like logic grammars},
          author = {Janusz S. Bie{\'n}},
         address = {Pozna{\'n}},
       publisher = {Wydawnictwo Pozna{\'n}skie Sp. z o. o.},
            year = {2007},
           pages = {285--289},
             url = {http://bc.klf.uw.edu.pl/85/}
}

@incollection{bc86,
       booktitle = {Proceedings of 3rd Language and Technology Conference},
           title = {Syntactic spreadsheets. In search for a human-readable representation of parse tree forests},
          author = {Janusz S. Bie{\'n}},
         address = {Pozna{\'n}},
       publisher = {Wydawnictwo Pozna{\'n}skie Sp. z o. o.},
            year = {2007},
           pages = {428--432},
             url = {http://bc.klf.uw.edu.pl/86/}
}

@article{bc72,
          number = {9 (638},
           month = {November},
          author = {Janusz S. Bie{\'n}},
           title = {Wizualizacja wynik{\'o}w analizy syntaktycznej},
       publisher = {Wydawnictwa Uniwersytetu Warszawskiego},
         journal = {Poradnik Językowy},
           pages = {24--29},
            year = {2006},
             url = {http://bc.klf.uw.edu.pl/72/}
}

@book{bc40,
          volume = {I},
           month = {April},
          author = {Janusz S. Bie{\'n}},
          series = {S{\l}ownik polszczyzny XVI wieku (red. S. Bąk, M. R. Mayenowa, F. Pep{\l}owski)},
          editor = {Stanis{\l}aw Bąk and Maria Renata Mayenowa and Franciszek Pep{\l}owski},
         address = {publikacja internetowa (witryna "Komputery i Polszczyzna", serwer Wydzia{\l}u Matematyki, Informatyki i Mechaniki Uniwersytetu Warszawskiego)},
           title = {S{\l}ownik polszczyzny XVI wieku T. 1: A - Bany. Edycja DjVu.},
       publisher = {Instytut Bada{\'n} Literackich Polskiej Akademii Nauk},
            year = {2006},
             url = {http://bc.klf.uw.edu.pl/40/},
        abstract = {Niniejsza wersja elektroniczna nie wymaga konkretnego typu komputera, procesora czy systemu operacyjnego. Jedynym wymaganiem jest dostępno{\'s}{\'c} przeglądarki internetowej oraz dodatkowego modu{\l}u obs{\l}ugi formatu DjVu. Wersję tę mo{\.z}na r{\'o}wnie{\.z} pobra{\'c} w ca{\l}o{\'s}ci na sw{\'o}j komputer i u{\.z}ywa{\'c} bez dostępu do Internetu, stosując przeglądarkę internetową lub specjalne przeglądarki plik{\'o}w DjVu.

Wersja ta jest wynikiem wsp{\'o}{\l}pracy kilku os{\'o}b i instytucji: 

Idea udostępnienia w Internecie S{\l}ownika polszczyzny XVI w. powsta{\l}a kilka lat temu {--} m{\'o}wi{\l} o niej m.in. Krzysztof Szafran w referacie na zje{\'z}dzie Polskiego Towarzystwa Językoznawczego w 2003 r. w Tarnowie, opublikowanym p{\'o}{\'z}niej w Biuletynie PTJ, a tak{\.z}e Tadeusz Piotrowski m.in. na wspomnianym zje{\'z}dzie PTJ i na konferencji Digitization of National Heritage w 2004 r. w Belgradzie (por. Review of the National Center for Digitization Issue 6 (2005) pp 95-102) oraz Janusz S. Bie{\'n} w 2005 r. w Pradze (sesja Annotation of Written Cultural Heritage w ramach Vil{\'e}m Mathesius Lecture Series 20).

Istotnego impulsu w tej sprawie dostarczy{\l} r{\'o}wnie{\.z} Peter Krolikowski ze Stan{\'o}w Zjednoczonych. Zgodzi{\l} się on mianowicie udostępni{\'c} publicznie wskanowany na w{\l}asne potrzeby i skonwertowany na format DjVu ca{\l}y pierwszy tom S{\l}ownika. Janusz S. Bie{\'n} przygotowa{\l} stronę WWW z prostym indeksem dla tej elektronicznej wersji pierwszego tomu i wystąpi{\l} formalnie do w{\l}a{\'s}ciciela praw autorskich {--} Instytutu Bada{\'n} Literackich Polskiej Akademii Nauk {--} o wyra{\.z}enie zgody na udostępnienie w Internecie. Zgoda ta zosta{\l}a wyra{\.z}ona na posiedzeniu Komitetu Redakcyjnego S{\l}ownika w dniu 21 lutego 2006 r.

Ze względu na nier{\'o}wną jako{\'s}{\'c} skan{\'o}w wykonanych przez Krolikowskiego postanowiono tom wskanowa{\'c} ponownie. Zawarta w tomie du{\.z}ego formatu mapa zosta{\l}a wskanowana grzeczno{\'s}ciowo przez Bibliotekę Uniwersytecką w Warszawie, za co serdecznie dziękujemy Ewie Stachowskiej-Musia{\l}, kierownik Oddzia{\l}u Zabezpieczania i Konserwacji Zbior{\'o}w BUW. Pozosta{\l}e strony zosta{\l}y wskanowane w toru{\'n}skiej Pracowni S{\l}ownika Polszczyzny XVI w. przez Krzysztofa Opali{\'n}skiego, kt{\'o}ry dokona{\l} r{\'o}wnie{\.z} konwersji na format DjVu. Witrynę WWW przygotowa{\l} Janusz S. Bie{\'n}, wykorzystując fragmenty opracowanych przez siebie witryn s{\l}ownika Knapskiego i S{\l}ownika Geogra?cznego Kr{\'o}lestwa Polskiego i innych kraj{\'o}w s{\l}owia{\'n}skich. }
}

@article{bc84,
          volume = {LXII},
           title = {Aparat pojęciowy wybranych system{\'o}w przetwarzania tekst{\'o}w polskich},
          author = {Janusz S. Bie{\'n}},
            year = {2006},
           pages = {19--30},
         journal = {Biuletyn Polskiego Towarzystwa Językoznawczego},
             url = {http://bc.klf.uw.edu.pl/84/}
}

@incollection{bc138,
          author = {Janusz S. Bie{\'n}},
       booktitle = {Intelligent Information Processing and Web Mining. Proceedings of the International IIS:IIP WM'04 Conference held in Zakopane, Poland, May 17-20,2004},
          editor = {Mieczys{\l}aw A. K{\l}opotek and S{\l}awomir T. Wierzcho{\'n} and Krzysztof Trojanowski},
         address = {Berlin Heidelberg New York},
           title = {An Approach to Computational Morphology},
       publisher = {Springer},
           pages = {181--199},
            year = {2004},
             url = {http://bc.klf.uw.edu.pl/138/}
}

@article{bc114,
          number = {20},
          author = {Janusz S. Bie{\'n}},
       booktitle = {XIII Og{\'o}lnopolska Konferencja TeX-owa},
           title = {Standard Unicode 4.0. Wybrane pojęcia i terminy},
       publisher = {Grupa U{\.z}ytkownik{\'o}w Systemu TeX},
         journal = {Biuletyn GUST},
           pages = {9--14},
            year = {2004},
             url = {http://bc.klf.uw.edu.pl/114/}
}

@incollection{bc65,
          author = {Janusz S. Bie{\'n}},
       booktitle = {Studia z gramatyki i semantyki języka polskiego },
          editor = {Andrzej Moroz and Marek Wi{\'s}niewski},
         address = {Toru{\'n}},
           title = {Wyrazy morfologiczne i morfosyntaktyczne w praktyce},
       publisher = {Wydawnictwo Uniwersytetu Miko{\l}aja Kopernika},
           pages = {171--182},
            year = {2004},
             url = {http://bc.klf.uw.edu.pl/65/}
}

@unpublished{bc108,
       booktitle = {10th International Conference of European Association for Japanese Studies},
           title = {Debian GNU/Linux as a Japanese language teaching tool},
          author = {Janusz S. Bie{\'n}},
            year = {2003},
             url = {http://bc.klf.uw.edu.pl/108/}
}

@incollection{bc66,
          author = {Janusz S. Bie{\'n}},
       booktitle = {Studia z gramatyki i leksykologii języka polskiego. Prace dedykowane Profesor Marii Szupryczy{\'n}skiej},
          editor = {Ma{\l}gorzata Gębka-Wolak and Iwona Kapro{\'n}-Charzy{\'n}ska and Ma{\l}gorzata Urban},
         address = {Toru{\'n}},
           title = {Konstrukcje werbalne z `a{\.z}' w gramatyce {\'S}widzi{\'n}skiego},
       publisher = {Wydawnictwo Uniwersytetu Miko{\l}aja Kopernika},
           pages = {79--92},
            year = {2003},
             url = {http://bc.klf.uw.edu.pl/66/}
}

@article{bc135,
          volume = {XLVIII},
           title = {O ,,pierwszym rozbiorze polszczyzny'', Radzie Języka Polskiego  i normalizacji},
          author = {Janusz S. Bie{\'n}},
            year = {2003},
           pages = {33--62},
         journal = {Prace Filologiczne},
             url = {http://bc.klf.uw.edu.pl/135/}
}

@incollection{bc136,
          author = {Janusz S. Bie{\'n}},
       booktitle = {Językoznawstwo w Polsce. Stan i perspektywy},
          editor = {Stanis{\l}aw Gajda},
         address = {Opole},
           title = {O informatyce i przysz{\l}o{\'s}ci polszczyzny},
       publisher = {Polska Akademia Nauk -- Komitet Językoznawstwa, Uniwersytet Opolski -- Instytut Filologii Polskiej},
           pages = {81--93},
            year = {2003},
             url = {http://bc.klf.uw.edu.pl/136/}
}

@inproceedings{bc329,
       booktitle = {Xi Og{\'o}lnopolska Konferencja Polskiej Grupy Uzytkownik{\'o}w Systemu TeX},
           title = {TexLive w sieci. Koncepcja i wykorzystanie},
          author = {Janusz S. Bie{\'n}},
            year = {2003},
             url = {http://bc.klf.uw.edu.pl/329/}
}

@incollection{bc91,
          author = {Janusz S. Bie{\'n} and Marcin Woli{\'n}ski},
       booktitle = {Prace  językoznawcze dedykowane Profesor Jadwidze Sambor},
          editor = {Jadwiga Linde-Usiekniewicz and Romuald Huszcza},
         address = {Warszawa},
           title = {Wzbogacony korpus S{\l}ownika frekwencyjnego polszczyzny  wsp{\'o}{\l}czesnej},
       publisher = {Wydzia{\l} Polonistyki  Uniwersytetu Warszawskiego},
           pages = {6--10},
            year = {2003},
             url = {http://bc.klf.uw.edu.pl/91/}
}

@unpublished{bc38,
           month = {June},
           title = {Wstępna instrukcja u{\.z}ytkowania s{\l}ownik{\'o}w w formacie DICT za pomocą edytora GNU Emacs 21 z pakietem lookup},
          author = {Janusz S. Bie{\'n}},
            year = {2002},
             url = {http://bc.klf.uw.edu.pl/38/}
}

@incollection{bc62,
          author = {Janusz S. Bie{\'n}},
       booktitle = {Nie bez znaczenia ... Prace ofiarowane Profesorowi Zygmuntowi Saloniemu z okazji 15000 dni pracy naukowej},
          editor = {W{\l}odzimierz  Gruszczy{\'n}ski and Miros{\l}aw  Ba{\'n}ko and Dorota  Kopci{\'n}ska},
         address = {Bia{\l}ystok},
           title = {O pojęciu wyrazu morfologicznego},
       publisher = {Wydawnictwo Uniwersytetu w Bia{\l}ymstoku},
           pages = {67--77},
            year = {2001},
             url = {http://bc.klf.uw.edu.pl/62/}
}

@article{bc106,
          volume = {16},
           title = {Teksty wielojęzyczne w edytorze GNU Emacs},
          author = {Janusz S. Bie{\'n}},
       publisher = {Grupa U{\.z}ytkownik{\'o}w Systemu TeX},
            year = {2001},
           pages = {3--13},
         journal = {Biuletyn GUST},
             url = {http://bc.klf.uw.edu.pl/106/},
        abstract = {Artyku{\l} przedstawia wielojęzyczne mo{\.z}liwo{\'s}ci edytora GNU Emacs (w wersji 20 i 21) na przyk{\l}adzie tekst{\'o}w polsko-japonskich. W zwięz{\l}ej formie podaje on informacje niedostępne lub rozproszone w oryginalnej dokumentacji, np. tabele
konwersji romaji-kana. Opr{\'o}cz wprowadzania tekst{\'o}w om{\'o}wione sa r{\'o}wniez operacje wyszukiwania przyrostowego i zastępowania wykorzystujące tzw. metody wej{\'s}ciowe do wprowadzenia znak{\'o}w język{\'o}w orientalnych.}
}

@article{bc88,
          volume = {XLVIII},
           title = {Analiza morfologiczna języka polskiego w praktyce},
          author = {Janusz S. Bie{\'n} and Krzysztof Szafran},
            year = {2001},
           pages = {171--184},
         journal = {Biuletyn Polskiego Towarzystwa Językoznawczego},
             url = {http://bc.klf.uw.edu.pl/88/}
}

@article{bc115,
          number = {8 (16)},
           month = {September},
           title = {Jak powstaje polska norma.Transliteracja cyrylicy (PN-ISO 9-2000).},
          author = {Janusz S. Bie{\'n}},
            year = {2000},
         journal = {Elektroniczny Biuletyn Informacyjny Bibliotekarzy},
             url = {http://bc.klf.uw.edu.pl/115/},
        abstract = {How Polish standards are developed.Transliteration of Cyrillic (PN-ISO 9-2000)

The paper has two purposes: to describe the organisation of the standard development in Poland and to describe the history of the recent controversial standard on transliteration of Slavonic and non-Slavonic Cyrillic texts. 

}
}

@incollection{bc75,
          number = {75},
          author = {Janusz S. Bie{\'n} and Krzysztof Szafran and Marcin Woli{\'n}ski},
          series = {Linguistische ArbeitsBerichte},
       booktitle = {3. Europ{\"a}ische Konferenz "Formale Beschreibung slavischer Sprachen, Leipzig 1999"},
           title = {Experimental parsers of Polish.},
       publisher = {Institut f{\"u}r Linguistik, Universit{\"a}t Leipzig},
           pages = {185--190},
            year = {2000},
             url = {http://bc.klf.uw.edu.pl/75/}
}

@unpublished{bc33,
            type = {Project Report},
           title = {Zestaw test{\'o}w do weryfikacji i oceny analizator{\'o}w języka polskiego},
          author = {Janusz S. Bie{\'n}},
       publisher = {Instytut Informatyki Uniwersytetu Warszawskiego},
            year = {2000},
            note = {GRANT 8 T11C 002 13},
             url = {http://bc.klf.uw.edu.pl/33/},
        abstract = {Wynikiem projektu są udokumentowane zestawy test{\'o}w pozwalających na obiektywną weryfikację i ocenę analizator{\'o}w języka polskiego. Testy są dwojakiego rodzaju: korpusy czyli zestawy odpowiednio dobranych zda{\'n} języka polskiego, i bank rozbior{\'o}w gramatycznych czyli zestaw{\'o}w wynik{\'o}w analizatora syntaktycznego implementującego pewną gramatykę formalną. Korpusy zapisane są zgodnie ze standardem SGML i międzynarodowymi rekomendacjami - przy ich tworzeniu wykorzystano materia{\l}y udostępnione przez innych badaczy. Dwa z nich zawierają fragmenty autentycznych tekst{\'o}w pisanych i m{\'o}wionych, pozosta{\l}e to przyk{\l}ady zda{\'n} wykorzystywane przez autor{\'o}w wybranych prac lingwistycznych. Bank rozbior{\'o}w gramatycznych zawiera wyniki przetworzenia ponad 2000 zda{\'n} za pomocą analizatora syntaktycznego AS implementującego formalną gramatykę języka polskiego opracowaną przez Marka {\'S}widzi{\'n}skiego. Jest to jeden z pierwszych bank{\'o}w rozbior{\'o}w gramatycznych dla język{\'o}w s{\l}owia{\'n}skich.}
}

@article{bc286,
          number = {27-29},
           title = {Kodowanie tekst{\'o}w polskich w systemach komputerowych},
          author = {Janusz S. Bie{\'n}},
       publisher = {Szko{\l}a Języka i Kultury Polskiej, Uniwersytet {\'S}ląski w Katowicach},
            year = {1999},
           pages = {4--27},
         journal = {Postscriptum},
             url = {http://bc.klf.uw.edu.pl/286/}
}

@incollection{bc81,
       booktitle = {S. Szpakowicz. Automatyczna analiza sk{\l}adniowa polskich zda{\'n} pisanych},
           title = {Pos{\l}owie redaktora},
          author = {Janusz S. Bie{\'n}},
         address = {Warszawa},
       publisher = {Instytut Informatyki Uniwersytetu Warszawskiego},
            year = {1999},
           pages = {158--162},
             url = {http://bc.klf.uw.edu.pl/81/}
}

@incollection{bc82,
       booktitle = {S. Szpakowicz. Formalny opis sk{\l}adniowy zda{\'n} polskich},
           title = {Pos{\l}owie redaktora},
          author = {Janusz S. Bie{\'n}},
         address = {Warszawa},
       publisher = {Instytut Informatyki Uniwersytetu Warszawskiego},
            year = {1999},
           pages = {158--162},
             url = {http://bc.klf.uw.edu.pl/82/}
}

@techreport{bc94,
          number = {TR-98-01 (250)},
           month = {March},
            type = {Technical Report},
           title = {Język polski w sieciach komputerowych},
          author = {Janusz S. Bie{\'n}},
       publisher = {Instytut Informatyki Uniwersytetu Warszawskiego},
            year = {1998},
             url = {http://bc.klf.uw.edu.pl/94/}
}

@incollection{bc74,
       booktitle = {Proceedings of First International  Conference on Language Resources and Evaluation},
          editor = {A. Rubio and N. Gallardo and R. Castro and A. Tejada},
           title = {Evaluating analysers of Polish},
          author = {Janusz S. Bie{\'n}},
       publisher = {European Language Resource Association},
            year = {1998},
           pages = {951--955},
             url = {http://bc.klf.uw.edu.pl/74/}
}

@article{bc119,
          number = {23-24},
          author = {Janusz S. Bie{\'n} and Jadwiga Linde-Usiekniewicz},
            note = {Na witrynie POSTSCRIPTUM wersja zniekszta{\l}cona.},
           title = {Elektroniczne s{\l}owniki języka polskiego},
       publisher = {Szko{\l}a Języka i Kultury Polskiej, Uniwersytet {\'S}ląski w Katowicach},
         journal = {Postscriptum},
           pages = {17--25},
            year = {1998},
             url = {http://bc.klf.uw.edu.pl/119/}
}

@article{bc80,
          volume = {LII},
           title = {Komputerowa weryfikacja formalnej gramatyki {\'S}widzi{\'n}skiego},
          author = {Janusz S. Bie{\'n}},
            year = {1997},
           pages = {147--164},
         journal = {Biuletyn Polskiego Towarzystwa Językoznawczego},
             url = {http://bc.klf.uw.edu.pl/80/}
}

@incollection{bc87,
          author = {Janusz S. Bie{\'n} and Krzysztof Szafran},
       booktitle = {Proceedings of the Second European Seminar "Language Applications for Multilingual Europe"},
          editor = {R. Maecinkeviciene and N. Volz},
         address = {Mannheim - Kaunas},
           title = {Tokarski's morphological analysers of Polish},
       publisher = {IDS - VDU},
           pages = {11--16},
            year = {1997},
             url = {http://bc.klf.uw.edu.pl/87/}
}

@unpublished{bc61,
       booktitle = {Proceedings of the T{\"u}bingen East-West Computational Linguistics Meeting},
           month = {September},
           title = {Processing Polish with metamorphosis grammars},
          author = {Janusz S. Bie{\'n}},
            year = {1996},
             url = {http://bc.klf.uw.edu.pl/61/}
}

@techreport{bc79,
          number = {TR 96-06 (227)},
            type = {Technical Report},
           title = {Komputerowa weryfikacja opisu sk{\l}adni polskiej},
          author = {Janusz S. Bie{\'n}},
       publisher = {Instytut Informatyki Uniwersytetu Warszawskiego},
            year = {1996},
             url = {http://bc.klf.uw.edu.pl/79/}
}

@unpublished{bc139,
       booktitle = {Komputerowa Analiza Tekstu},
           title = {Wybrane standardy przetwarzania tekst{\'o}w},
          author = {Janusz S. Bie{\'n}},
            year = {1993},
             url = {http://bc.klf.uw.edu.pl/139/}
}

@article{bc198,
          volume = {XXXVII},
           title = {Koncepcja s{\l}ownikowych tablic morfologicznych (na przyk{\l}adzie przymiotnika)},
          author = {Janusz S. Bie{\'n}},
            year = {1992},
           pages = {53--64},
            note = {Artyku{\l} po pewnych zmianach wszed{\l} w sk{\l}ad ksią{\.z}ki http://bc.klf.uw.edu.pl/12/.
Dostępna niewielka liczba odbitek.},
         journal = {Prace Filologiczne},
             url = {http://bc.klf.uw.edu.pl/198/}
}

@article{bc199,
          volume = {16},
           title = {Uwagi o porządku alfabetycznym i leksykograficznym},
          author = {Janusz S. Bie{\'n}},
       publisher = {Uniwersytet Gda{\'n}ski},
            year = {1992},
           pages = {51--59},
         journal = {Prace językoznawcze. Filologia polska},
             url = {http://bc.klf.uw.edu.pl/199/}
}

@book{bc12,
          number = {383},
          author = {Janusz S. Bie{\'n}},
          series = {Rozprawy Uniwersytetu Warszawskiego / Dissertationes Univesitatis Varsoviensis - ISSN 0509-7177},
            note = {Niewielka liczba egzemplarzy dostepna u autora.},
         address = {Warszawa},
           title = {Koncepcja s{\l}ownikowej informacji morfologicznej i jej komputerowej weryfikacji},
       publisher = {Wydawnictwa Uniwersytetu Warszawskiego},
            year = {1991},
             url = {http://bc.klf.uw.edu.pl/12/}
}

@article{bc120,
          volume = {XXIX},
          number = {1},
           title = {Co to jest TEX?},
          author = {Janusz S. Bie{\'n}},
            year = {1990},
           pages = {131--156},
         journal = {Wiadomo{\'s}ci Matematyczne},
             url = {http://bc.klf.uw.edu.pl/120/}
}

@article{bc54,
          volume = {VI},
          number = {2-3},
           month = {February},
          author = {Janusz S. Bie{\'n}},
           title = {Komputery a język naturalny},
       publisher = {Polskie Towarzystwo Informatyczne},
            year = {1988},
         journal = {Biuletyn PTI},
           pages = {6--7},
             url = {http://bc.klf.uw.edu.pl/54/}
}

@incollection{bc42,
          number = {19},
          author = {Janusz S. Bie{\'n}},
          series = {Linguistic and Literary Studies in Eastern Europe (ISSN 0165-7712)},
            note = {Offiprints still available.},
       booktitle = {Language and Discourse: Test and Protest. A Festschrift for Petr Sgall},
          editor = {Jacob L. Mey},
           title = {Articles, word order and resource control hypothesis},
         address = {Amsterdam/Philadelphia},
       publisher = {John Benjamins Publishing Company},
            year = {1986},
           pages = {433--454},
             url = {http://bc.klf.uw.edu.pl/42/}
}

@unpublished{bc64,
       booktitle = {the First International Workshop on Natural Language Understanding and Logic Programming},
           title = {Experiments in parsing Polish {--} a progress report},
          author = {Janusz S. Bie{\'n} and Ma{\l}gorzata Nalbach},
            year = {1984},
           pages = {81--86},
             url = {http://bc.klf.uw.edu.pl/64/}
}

@article{bc116,
          number = {8},
           month = {October},
          author = {Janusz S. Bie{\'n}},
           title = {Z problem{\'o}w maszynowego przetwarzania tekst{\'o}w polskich.
Zmodyfikowana notacja Tokarskiego},
       publisher = {Pa{\'n}stwowe Wydawnictwo Naukowe},
         journal = {Poradnik Językowy},
           pages = {488--491},
            year = {1983},
             url = {http://bc.klf.uw.edu.pl/116/}
}

@incollection{bc78,
       booktitle = {F. Klu{\'z}niak, S. Szpakowicz. Prolog},
           title = {Historia Prologu},
          author = {Janusz S. Bie{\'n}},
       publisher = {Wydawnictwa Naukowo-Techniczne},
            year = {1983},
          series = {Biblioteka In{\.z}ynierii Oprogramowania},
           pages = {268--270},
             url = {http://bc.klf.uw.edu.pl/78/}
}

@incollection{bc35,
          volume = {2},
          author = {Janusz S. Bie{\'n}},
       booktitle = {Proceedings of the 8th International Joint Conference on Artificial Intelligence},
          editor = {Alan Bundy},
           title = {Articles and Resource Control},
       publisher = {William Kaufmann},
           pages = {675--677},
            year = {1983},
             url = {http://bc.klf.uw.edu.pl/35/}
}

@article{bc131,
          volume = {7},
          number = {2},
           title = {Beliefs, environments and points of view},
          author = {Yorick Wilks and Janusz S. Bie{\'n}},
            year = {1983},
           pages = {95--119},
         journal = {Cognitive Science},
             url = {http://bc.klf.uw.edu.pl/131/}
}

@article{bc73,
          number = {79 },
           month = {January},
          author = {Janusz S. Bie{\'n} and Stanis{\l}aw Szpakowicz},
           title = {Toward computational description of written Polish},
       publisher = {Association for Computing Machinery},
         journal = {ACM SIGART Bulletin},
           pages = {103--103},
            year = {1982},
             url = {http://bc.klf.uw.edu.pl/73/},
        abstract = {We present briefly the activity of the Warsaw University. computational linguistics team. The team is an informal group that consolidates around a seminar at the Institute of Informatics, coordinated by Prof. Zygmunt Saloni. The group adheres to a "bootstrapping methodology": we focus on developing surface linguistic descriptions which should allow the creation of efficient tools for low-level processing of natural language texts, in the hope that it will pay when more sophisticated problems are attacked.}
}

@incollection{bc89,
          number = {VIII},
          author = {Janusz S. Bie{\'n} and Stanis{\l}aw Szpakowicz},
          series = {Explizite Beschreibung der Sprache und automatische Textbearbeitung},
       booktitle = {Proceedings of the 10th Meeting on Automatic Text Processing, Prague 1981},
          editor = {Eva Haji{\vc}ov{\'a}},
           title = {On surface-syntactic analysis of Polish
},
         address = {Praha},
       publisher = {Matematicko-fyzik{\'a}lni fakulta UK},
            year = {1982},
           pages = {24--35},
             url = {http://bc.klf.uw.edu.pl/89/}
}

@article{bc63,
          volume = {XXXI},
           title = {Pojęcie wyrazu morfologicznego i jego zastosowanie do opisu fleksji polskiej (wersja wstępna)},
          author = {Janusz S. Bie{\'n} and Zygmunt Saloni},
            year = {1982},
           pages = {31--45},
         journal = {Prace Filologiczne},
             url = {http://bc.klf.uw.edu.pl/63/}
}

@incollection{bc60,
          author = {Janusz S. Bie{\'n} and Stanis{\l}aw Szpakowicz},
       booktitle = {COLING '82. Abstracts},
          editor = {Eva Haji{\vc}ov{\'a}},
         address = {Prague},
           title = {Towards a parsing method for free word order languages},
       publisher = {Charles University},
           pages = {346--349},
            year = {1982},
             url = {http://bc.klf.uw.edu.pl/60/}
}

@incollection{bc19,
          volume = {2},
          author = {Janusz S. Bie{\'n}},
       booktitle = {Computational And Mathematical Linguistics: Proceedings of the International Conference on Computational Linguistics. Pisa 27/VIII-1/IX 1973},
          editor = {Antonio Zampolli and Nicoletta Calzolari},
         address = {Firenze},
           title = {Towards computer systems for conversing in Polish},
       publisher = {Leo S. Olschki},
            year = {1980},
           pages = {139--159},
             url = {http://bc.klf.uw.edu.pl/19/}
}

@incollection{bc18,
       booktitle = {Proceedings of COLING '80, 8th International Conference on Computational Linguistics, Sept. 30 - Oct. 4, 1980, Tokyo, Japan},
           title = {Parsing free word order languages in Prolog},
          author = {Janusz S. Bie{\'n} and Krystyna Laus-Mączy{\'n}ska and Stanis{\l}aw Szpakowicz},
       publisher = { },
            year = {1980},
           pages = {346--349},
             url = {http://bc.klf.uw.edu.pl/18/}
}

@inproceedings{bc129,
       booktitle = {the 6th International Joint Conference on Artificial Intelligence},
           title = {Speech acts and multiple environments},
          author = {Yorick Wilks and Janusz S. Bie{\'n}},
            year = {1979},
           pages = {968--977},
             url = {http://bc.klf.uw.edu.pl/129/}
}

@unpublished{bc14,
           title = {Wielo{\'s}rodowiskowy model języka naturalnego},
          school = {Uniwersytet Warszawski [Warsaw University = University of Warsaw]},
          author = {Janusz S. Bie{\'n}},
            year = {1977},
             url = {http://bc.klf.uw.edu.pl/14/}
}

@article{bc13,
          volume = {3},
          number = {3},
           title = {Multiple Environments Approach to Natural Language},
          author = {Janusz S. Bie{\'n}},
            year = {1976},
            note = {Microfiche 54 (card 124).

Reprint: L. Bolc (red.), Zastosowania maszyn matematycznych do bada{\'n} nad językiem naturalnym, Wydawnictwa Uniwersytetu Warszawskiego 1980, s. 247-271.},
         journal = {American Journal of Computational Linguistics},
             url = {http://bc.klf.uw.edu.pl/13/}
}

@article{bc325,
          volume = {V},
           title = {O "pisowni optymalnej" - polemicznie},
          author = {Janusz S. Bie{\'n} and Zygmunt Saloni},
            year = {1974},
           pages = {203--212},
         journal = {Studia Semiotyczne},
             url = {http://bc.klf.uw.edu.pl/325/}
}

@incollection{bc77,
       booktitle = {Zastosowanie maszyn matematycznych do bada{\'n} nad językiem naturalnym},
          editor = {Leonard Bolc},
           title = {Za{\l}o{\.z}enia polskiego systemu konwersacyjnego MARYSIA},
          author = {Janusz S. Bie{\'n}},
       publisher = {Wydawnictwa Uniwersytetu Warszawskiego},
            year = {1973},
           pages = {24--33},
             url = {http://bc.klf.uw.edu.pl/77/}
}

@unpublished{bc90,
          number = {41},
           title = {Opis systemu MARYSIA. I. Zasady pisania scenariusza i scenopisu},
          author = {Janusz S. Bie{\'n} and Witold {\L}ukaszewicz and Stanis{\l}aw Szpakowicz},
            year = {1973},
         journal = {Sprawozdania IMM i ZON UW. Instytut Maszyn   Matematycznych i Zak{\l}ad Oblicze{\'n} Numerycznych Uniwersytetu Warszawskiego},
             url = {http://bc.klf.uw.edu.pl/90/}
}

@unpublished{bc206,
          number = {42},
           title = {Opis systemu MARYSIA. II. Wprowadzanie hase{\l} do systemu},
          author = {Janusz S. Bie{\'n} and Witold {\L}ukaszewicz and Stanis{\l}aw Szpakowicz},
            year = {1973},
         journal = {Sprawozdania IMM i ZON UW. Instytut Maszyn   Matematycznych i Zak{\l}ad Oblicze{\'n} Numerycznych Uniwersytetu Warszawskiego},
             url = {http://bc.klf.uw.edu.pl/206/}
}

@unpublished{bc207,
          number = {43},
           title = {Opis systemu MARYSIA. III. Tworzenie czę{\'s}ci gramatycznych s{\l}ownik{\'o}w systemu},
          author = {Janusz S. Bie{\'n} and Witold {\L}ukaszewicz and Stanis{\l}aw Szpakowicz},
            year = {1973},
         journal = {Sprawozdania IMM i ZON UW. Instytut Maszyn   Matematycznych i Zak{\l}ad Oblicze{\'n} Numerycznych Uniwersytetu Warszawskiego},
             url = {http://bc.klf.uw.edu.pl/207/}
}

@unpublished{bc208,
          number = {39},
           title = {Wprowadzenie do systemu MARYSIA},
          author = {Janusz S. Bie{\'n} and Witold {\L}ukaszewicz and Stanis{\l}aw Szpakowicz},
            year = {1973},
         journal = {Sprawozdania IMM i ZON UW. Instytut Maszyn   Matematycznych i Zak{\l}ad Oblicze{\'n} Numerycznych Uniwersytetu Warszawskiego},
             url = {http://bc.klf.uw.edu.pl/208/}
}

@unpublished{bc92,
           title = {Algorytm koniugacji polskiej - programy na maszynę GIER},
          school = {Uniwersytet Warszawski},
          author = {Janusz S. Bie{\'n}},
            year = {1969},
             url = {http://bc.klf.uw.edu.pl/92/}
}

@article{bc123,
          volume = {V},
          number = {5},
           title = {Algorytmizacja fleksji polskiej - problemy i perspektywy},
          author = {Janusz S. Bie{\'n}},
            year = {1969},
           pages = {15--18},
         journal = {Maszyny Matematyczne},
             url = {http://bc.klf.uw.edu.pl/123/}
}

@unpublished{bc346,
           title = {djview4poliqarp wersja 1.2},
          author = {Janusz S. Bie{\'n}},
             url = {http://bc.klf.uw.edu.pl/346/},
        abstract = {Dokumentacja u{\.z}ytkowa}
}


@book{wbl19,
          editor = {Witold Doroszewski},
           title = {Indeks a tergo do Słownika języka polskiego S. B. Lindego},
          author = {Renata Grzegorczykowa and Zofia Kurzowa and Jadwiga Puzynina},
         address = {Warszawa},
       publisher = {Wydawnictwa Uniwersytetu Warszawskiego},
            year = {1965},
             url = {http://wbl.klf.uw.edu.pl/19/}
}

@Article{rzecz2005,
  author = 	 {Robert Horbaczewski},
  title = 	 {Sporny nagłówek w przepisach},
  journal = 	 {Rzeczpospolita},
  year = 	 2005,
  url= {http://archiwum.rp.pl/artykul/586721-Sporny-naglowek-w-przepisach.html},
  note = 	 {12.12.2005}}

@Article{rzecz2006,
  author = 	 {Robert Horbaczewski},
  title = 	 {Nagłówki przepisów muszą być różne},
  journal = 	 {Rzeczpospolita},
  year = 	 2006,
  url= {http://archiwum.rp.pl/artykul/607574-Naglowki-przepisow-musza-byc-rozne.html},
  note = 	 {12.12.2005}}

@incollection{
    woli:06,
    author = "Woliński, Marcin",
    pdf = "http://nlp.ipipan.waw.pl/Bib/woli:06.pdf",
    url = "http://nlp.ipipan.waw.pl/Bib/woli:06.pdf",
    title = "Morfeusz — a Practical Tool for the Morphological Analysis of {P}olish",
    pages = "503--512",
    crossref = "klo:etal:06:ed"
}
@book{
    klo:etal:06:ed,
    editor = "Kłopotek, Mieczysław A. and Wierzchoń, Sławomir T. and Trojanowski, Krzysztof",
    publisher = "Springer-Verlag",
    title = "Intelligent Information Processing and Web Mining",
    series = "Advances in Soft Computing",
    booktitle = "Intelligent Information Processing and Web Mining",
    year = "2006",
    address = "Berlin"
}
